@Article{Amster2021,
  author  = {Sarah Amster},
  journal = {IoTAgenda},
  title   = {RFID (radio frequency identification)},
  year    = {2021},
  month   = mar,
  url     = {https://internetofthingsagenda.techtarget.com/definition/RFID-radio-frequency-identification#:~:text=The RFID reader is a,in the RFID tag itself.},
}

@Article{atlasrfidstore2022,
  author = {atlasrfidstore},
  title  = {What is RFID? | The Beginner's Guide to How RFID Systems Work},
  year   = {2022},
  url    = {https://www.atlasrfidstore.com/rfid-beginners-guide/},
}

@Article{atlasrfidstore2022a,
  author = {atlasrfidstore},
  title  = {What are RFID Tags? | UHF Tags Explained},
  year   = {2022},
  url    = {https://www.atlasrfidstore.com/what-are-uhf-rfid-tags/?utm_source=RFID-Beginners-Guide&utm_medium=eBook&utm_campaign=Content&utm_content=tag-guide#introduction},
}

@Comment{jabref-meta: databaseType:bibtex;}